<record><leader>00000cas a2200000 a 4500</leader><controlfield tag="001">11946982</controlfield><controlfield tag="008">850422d19191943ksuwr ne      0    0eng d</controlfield><datafield ind1=" " ind2=" " tag="010"><subfield code="a">sn 85031164 </subfield></datafield><datafield ind1=" " ind2=" " tag="040"><subfield code="a">KSH</subfield><subfield code="b">eng</subfield><subfield code="c">KSH</subfield><subfield code="d">NPT</subfield><subfield code="d">OCL</subfield><subfield code="d">OCLCQ</subfield></datafield><datafield ind1=" " ind2=" " tag="042"><subfield code="a">msc</subfield></datafield><datafield ind1="0" ind2="4" tag="245"><subfield code="a">The Beattie journal.</subfield></datafield><datafield ind1=" " ind2=" " tag="260"><subfield code="a">Beattie, Kan. :</subfield><subfield code="b">H.S. Wadham,</subfield><subfield code="c">1919-1943.</subfield></datafield><datafield ind1=" " ind2=" " tag="300"><subfield code="a">25 v. :</subfield><subfield code="b">ill. ;</subfield><subfield code="c">54 cm.</subfield></datafield><datafield ind1=" " ind2=" " tag="310"><subfield code="a">Weekly</subfield></datafield><datafield ind1="0" ind2=" " tag="362"><subfield code="a">Vol. 1, no. 1 (Mar. 20, 1919)-v. 25, no. 39 (Dec. 10, 1943).</subfield></datafield><datafield ind1=" " ind2=" " tag="500"><subfield code="a">Published by: J.S. Turrentine, Dec. 1, 1927-Sept. 13, 1928; H.C. Hofer, Sept. 20, 1928-May 27, 1937; H.C. &amp; Emma Hofer, June 3, 1937-Dec. 10, 1943.</subfield></datafield><datafield ind1=" " ind2=" " tag="752"><subfield code="a">United States</subfield><subfield code="b">Kansas</subfield><subfield code="c">Marshall</subfield><subfield code="d">Beattie.</subfield></datafield></record>